<?xml version="1.0" encoding="UTF-8"?><collection xmlns="http://www.loc.gov/MARC21/slim"><record><leader>00417nam--2200133-i-4500</leader><controlfield tag="001">000006908</controlfield><controlfield tag="002">20161230</controlfield><controlfield tag="005">20161230201027</controlfield><controlfield tag="008">060222s1000------------r-----000-0-eng-d</controlfield><datafield ind1=" " ind2=" " tag="020"><subfield code="a">155</subfield></datafield><datafield ind1=" " ind2=" " tag="100"><subfield code="a">Aalto, E</subfield></datafield><datafield ind1=" " ind2=" " tag="245"><subfield code="a">Nilsson, r</subfield></datafield><datafield ind1=" " ind2=" " tag="260"><subfield code="a">Tests Of Neitron Spectrum Calculations With The Help Of Foil Measurements In A D2o-and In An H2o-moderated Reactor And In Reactor Shi- Elds Of Concrete And Iron</subfield></datafield><datafield ind1=" " ind2=" " tag="490"><subfield code="a">Ae</subfield></datafield></record></collection>